<record xmlns="http://www.loc.gov/MARC21/slim" xmlns:xsi="http://www.w3.org/2001/XMLSchema-instance" xsi:schemaLocation="http://www.loc.gov/MARC21/slim http://www.loc.gov/standards/marcxml/schema/MARC21slim.xsd"><leader>02348nam a2200397   4500</leader><controlfield tag="001">598408</controlfield><controlfield tag="003">NNC</controlfield><controlfield tag="006">m        d        </controlfield><controlfield tag="007">cr cn |||m|||a</controlfield><controlfield tag="008">150110s1982    ir      obd   000 0 arar </controlfield><datafield ind1=" " ind2=" " tag="040"><subfield code="a">NNU</subfield><subfield code="b">eng</subfield><subfield code="e">rda</subfield><subfield code="c">NNU</subfield></datafield><datafield ind1=" " ind2="4" tag="050"><subfield code="a">PJ6622</subfield><subfield code="b">.S54 1982</subfield></datafield><datafield ind1="1" ind2=" " tag="100"><subfield code="6">880-01</subfield><subfield code="a">Shartu&#772;ni&#772;, Sa&#699;i&#772;d al-Khu&#772;ri&#772;,</subfield><subfield code="d">1849-1912.</subfield></datafield><datafield ind1="1" ind2="0" tag="245"><subfield code="6">880-02</subfield><subfield code="a">Aqrab al-mawa&#772;rid fi&#772; fus&#803;uh&#803; al-&#699;Arabi&#772;yah wa-al-shawa&#772;rid /</subfield><subfield code="c">ta&#700;li&#772;f Sa&#699;i&#772;d al-Khu&#772;ri&#772; al-Shartu&#772;ni&#772; al-Lubna&#772;ni&#772;.</subfield></datafield><datafield ind1=" " ind2=" " tag="260"><subfield code="6">880-03</subfield><subfield code="a">Qum, I&#772;ra&#772;n :</subfield><subfield code="b">Manshu&#772;ra&#772;t Maktabat A&#772;yat Alla&#772;h al-&#699;Uz&#803;ma&#769; al-Mar&#699;ashi&#772; al-Najafi&#772;,</subfield><subfield code="c">1403 [1982 or 1983]</subfield></datafield><datafield ind1=" " ind2=" " tag="300"><subfield code="a">online resource (3 volumes)</subfield></datafield><datafield ind1=" " ind2=" " tag="336"><subfield code="a">text</subfield><subfield code="2">rdacontent</subfield></datafield><datafield ind1=" " ind2=" " tag="337"><subfield code="a">computer</subfield><subfield code="2">rdamedia</subfield></datafield><datafield ind1=" " ind2=" " tag="338"><subfield code="a">online resource</subfield><subfield code="2">rdacarrier</subfield></datafield><datafield ind1=" " ind2=" " tag="500"><subfield code="a">In Arabic.</subfield></datafield><datafield ind1=" " ind2=" " tag="500"><subfield code="a">Errata (3 p.) tipped in v. 1 at end.</subfield></datafield><datafield ind1=" " ind2=" " tag="500"><subfield code="a">Part of the Arabic Collections Online (ACO) project, contributed by Columbia University Libraries.</subfield></datafield><datafield ind1=" " ind2=" " tag="533"><subfield code="a">Electronic reproduction.</subfield><subfield code="b">New York, N.Y. :</subfield><subfield code="c">New York University,</subfield><subfield code="d">2015.</subfield><subfield code="5">NNU</subfield></datafield><datafield ind1=" " ind2="0" tag="650"><subfield code="a">Arabic language</subfield><subfield code="v">Dictionaries.</subfield></datafield><datafield ind1=" " ind2="7" tag="650"><subfield code="a">Arabic language.</subfield><subfield code="2">fast</subfield><subfield code="0">(OCoLC)fst00812287</subfield></datafield><datafield ind1=" " ind2="7" tag="655"><subfield code="a">Dictionaries.</subfield><subfield code="2">fast</subfield><subfield code="0">(OCoLC)fst01423826</subfield></datafield><datafield ind1="2" ind2=" " tag="710"><subfield code="a">Columbia University.</subfield><subfield code="b">Libraries.</subfield></datafield><datafield ind1="0" ind2=" " tag="730"><subfield code="a">Arabic Collections Online.</subfield></datafield><datafield ind1="0" ind2="8" tag="776"><subfield code="i">Online version:</subfield><subfield code="a">Shartu&#772;ni&#772;, Sa&#699;i&#772;d al-Khu&#772;ri&#772;, 1849-1912.</subfield><subfield code="t">Aqrab al-mawa&#772;rid fi&#772; fus&#803;uh&#803; al-&#699;Arabi&#772;yah wa-al-shawa&#772;rid.</subfield><subfield code="d">Qum, I&#772;ra&#772;n : Manshu&#772;ra&#772;t Maktabat A&#772;yat Alla&#772;h al-&#699;Uz&#803;ma&#769; al-Mar&#699;ashi&#772; al-Najafi&#772;, 1403 [1982 or 1983]</subfield><subfield code="w">(OCoLC)760904093</subfield></datafield><datafield ind1="0" ind2="8" tag="776"><subfield code="i">Print version:</subfield><subfield code="a">Shartu&#772;ni&#772;, Sa&#699;i&#772;d al-Khu&#772;ri&#772;, 1849-1912.</subfield><subfield code="t">Aqrab al-mawa&#772;rid fi&#772; fus&#803;uh&#803; al-&#699;Arabi&#772;yah wa-al-shawa&#772;rid</subfield><subfield code="w">(NNC)598408</subfield><subfield code="w">(DLC)   86930144</subfield><subfield code="w">(OCoLC)15034851</subfield></datafield><datafield ind1="4" ind2="0" tag="856"><subfield code="u">http://hdl.handle.net/2333.1/xksn04sg</subfield></datafield><datafield ind1="1" ind2=" " tag="880"><subfield code="6">100-01/r</subfield><subfield code="a">&#1588;&#1585;&#1578;&#1608;&#1606;&#1610;&#1548; &#1587;&#1593;&#1610;&#1583; &#1575;&#1604;&#1582;&#1608;&#1585;&#1610;&#1548;</subfield><subfield code="d">1849-1912.</subfield></datafield><datafield ind1="1" ind2="0" tag="880"><subfield code="6">245-02/r</subfield><subfield code="a">&#1571;&#1602;&#1585;&#1575;&#1576; &#1575;&#1604;&#1605;&#1608;&#1575;&#1585;&#1583; &#1601;&#1610; &#1601;&#1589;&#1608;&#1581; &#1575;&#1604;&#1593;&#1585;&#1576;&#1610;&#1577; &#1608;&#1575;&#1604;&#1588;&#1608;&#1575;&#1585;&#1583; /</subfield><subfield code="c">&#1578;&#1571;&#1604;&#1610;&#1601; &#1587;&#1593;&#1610;&#1583; &#1575;&#1604;&#1582;&#1608;&#1585;&#1610; &#1575;&#1604;&#1588;&#1585;&#1578;&#1608;&#1606;&#1610; &#1575;&#1604;&#1604;&#1576;&#1606;&#1575;&#1606;&#1610;.</subfield></datafield><datafield ind1=" " ind2=" " tag="880"><subfield code="6">260-03/r</subfield><subfield code="a">&#1602;&#1605;&#1548; &#1575;&#1610;&#1585;&#1575;&#1606; :</subfield><subfield code="b">&#1605;&#1606;&#1588;&#1608;&#1585;&#1575;&#1578; &#1605;&#1603;&#1578;&#1576;&#1577; &#1570;&#1610;&#1577; &#1575;&#1604;&#1604;&#1607; &#1575;&#1604;&#1593;&#1592;&#1605;&#1609; &#1575;&#1604;&#1605;&#1585;&#1593;&#1588;&#1610; &#1575;&#1604;&#1606;&#1580;&#1601;&#1610;&#1548;</subfield><subfield code="c">1403 [1982 or 1983]</subfield></datafield><datafield ind1=" " ind2=" " tag="959"><subfield code="a">NNU</subfield><subfield code="b">WEB</subfield><subfield code="c">GENI</subfield><subfield code="t">0</subfield><subfield code="m">Electronic access</subfield><subfield code="s">01</subfield></datafield><datafield ind1=" " ind2=" " tag="999"><subfield code="i">NNC_598408</subfield><subfield code="o">(OCoLC)15034851</subfield></datafield></record>